<record><leader>00000cas a2200000 a 4500</leader><controlfield tag="001">18773135</controlfield><controlfield tag="008">881117d183u183upauwr ne      0    0eng c</controlfield><datafield ind1=" " ind2=" " tag="010"><subfield code="a">sn2001060402</subfield></datafield><datafield ind1=" " ind2=" " tag="040"><subfield code="a">NPH</subfield><subfield code="b">eng</subfield><subfield code="c">NPH</subfield><subfield code="d">CNK</subfield><subfield code="d">NLM</subfield><subfield code="d">OCLCQ</subfield><subfield code="d">OCLCF</subfield><subfield code="d">OCLCO</subfield></datafield><datafield ind1="7" ind2=" " tag="016"><subfield code="a">0003662</subfield><subfield code="2">DNLM</subfield></datafield><datafield ind1="7" ind2=" " tag="016"><subfield code="a">SR0000689</subfield><subfield code="2">DNLM</subfield></datafield><datafield ind1="1" ind2=" " tag="029"><subfield code="a">NLM</subfield><subfield code="b">0003662</subfield></datafield><datafield ind1="1" ind2=" " tag="029"><subfield code="a">AU@</subfield><subfield code="b">000022243613</subfield></datafield><datafield ind1=" " ind2=" " tag="042"><subfield code="a">pcc</subfield></datafield><datafield ind1=" " ind2=" " tag="043"><subfield code="a">n-us-pa</subfield></datafield><datafield ind1="0" ind2="0" tag="060"><subfield code="a">W1</subfield><subfield code="b">BO913D</subfield></datafield><datafield ind1="0" ind2="0" tag="245"><subfield code="a">Botanic sentinel and literary gazette.</subfield></datafield><datafield ind1="1" ind2="7" tag="246"><subfield code="a">Botanic sentinel</subfield></datafield><datafield ind1=" " ind2=" " tag="260"><subfield code="a">Philadelphia [Pa.] :</subfield><subfield code="b">John Coates, Jr.</subfield></datafield><datafield ind1=" " ind2=" " tag="300"><subfield code="a">v. ;</subfield><subfield code="c">33 cm.</subfield></datafield><datafield ind1=" " ind2=" " tag="310"><subfield code="a">Weekly</subfield></datafield><datafield ind1=" " ind2=" " tag="588"><subfield code="a">Description based on: Vol. 2, no. 1 (Aug. 24, 1836).</subfield></datafield><datafield ind1=" " ind2="0" tag="651"><subfield code="a">Philadelphia (Pa.)</subfield><subfield code="v">Newspapers.</subfield></datafield><datafield ind1=" " ind2="7" tag="655"><subfield code="a">Newspapers.</subfield><subfield code="2">fast</subfield><subfield code="0">(OCoLC)fst01423814</subfield></datafield><datafield ind1=" " ind2="7" tag="651"><subfield code="a">Pennsylvania</subfield><subfield code="z">Philadelphia.</subfield><subfield code="2">fast</subfield><subfield code="0">(OCoLC)fst01204170</subfield></datafield><datafield ind1=" " ind2=" " tag="752"><subfield code="a">United States</subfield><subfield code="b">Pennsylvania</subfield><subfield code="c">Philadelphia</subfield><subfield code="d">Philadelphia.</subfield></datafield><datafield ind1="0" ind2="1" tag="785"><subfield code="t">Philadelphia botanic sentinel and Thomsonian medical revolutionist</subfield><subfield code="w">(OCoLC)11231474</subfield></datafield><datafield ind1="0" ind2="1" tag="785"><subfield code="t">Philadelphia botanic sentinel and Thomsonian revolutionist</subfield><subfield code="w">(OCoLC)15069222</subfield></datafield></record>